<?xml version="1.0" encoding="UTF-8"?><collection xmlns="http://www.loc.gov/MARC21/slim"><record><leader>00514nam--2200193-u-4500</leader><controlfield tag="001">000053048</controlfield><controlfield tag="002">20161230</controlfield><controlfield tag="005">20161230201050</controlfield><controlfield tag="008">110104s1000------------r-----000-0-eng-d</controlfield><datafield ind1=" " ind2=" " tag="020"><subfield code="a">0387989889</subfield></datafield><datafield ind1=" " ind2=" " tag="040"><subfield code="a">IFIN-HH</subfield></datafield><datafield ind1=" " ind2=" " tag="080"><subfield code="a">538.9:520.378</subfield></datafield><datafield ind1="1" ind2=" " tag="100"><subfield code="a">Rietman, Edward A</subfield></datafield><datafield ind1="1" ind2="0" tag="245"><subfield code="a">Molecular engineering of nanosystems</subfield><subfield code="c">Edward a. rietman</subfield></datafield><datafield ind1=" " ind2=" " tag="260"><subfield code="a">New York</subfield><subfield code="b">Springer Verlag</subfield><subfield code="c">2001</subfield></datafield><datafield ind1=" " ind2=" " tag="300"><subfield code="a">258P</subfield></datafield><datafield ind1=" " ind2=" " tag="490"><subfield code="a">Biological Physics Series</subfield></datafield><datafield ind1=" " ind2=" " tag="852"><subfield code="a">81480</subfield><subfield code="c">538.9</subfield></datafield><datafield ind1=" " ind2=" " tag="CAT"><subfield code="a">Sys</subfield><subfield code="c">20110104</subfield><subfield code="h">085237</subfield></datafield></record></collection>